% Encoding: UTF-8

@Manual{copelia1,
  title        		= {Remote API},
  organization 	= {Copelia Robotics},
  url  = {http://www.coppeliarobotics.com/helpFiles/en/remoteApiOverview.htm}, 
  date = {21/11/2016}
}

@Comment{jabref-meta: databaseType:bibtex;}
